%% This BibTeX bibliography file was created using BibDesk.
%% http://bibdesk.sourceforge.net/


%% Created for Ward Becelaere at 2011-05-05 00:57:42 +0200 


%% Saved with string encoding Unicode (UTF-8) 



@webpage{wiki,
	Date-Added = {2011-05-05 00:40:38 +0200},
	Date-Modified = {2011-05-05 00:48:25 +0200},
	Lastchecked = {5 may 2011},
	Month = {may},
	Url = {http://en.wikipedia.org/wiki/BibTeX},
	Year = {2011}}

@book{GW,
	Author = {Rafael E. Gonzales and Richard E. Woods},
	Date-Added = {2011-05-04 23:48:14 +0200},
	Date-Modified = {2011-05-04 23:58:59 +0200},
	Edition = {Third},
	Publisher = {Pearson Prentice Hall},
	Read = {1},
	Title = {Digital Image Processing},
	Year = {2008}}

@article{Lamp86,
	Author = {A.B. Smith and C.D. Jones and E.F. Roberts},
	Journal = {Journal},
	Month = {January},
	Pages = {291-294},
	Title = {Article Title},
	Volume = {62},
	Year = {1920}}

@inproceedings{C2,
	Author = {Jones, C.D. and Smith, A.B. and Roberts, E.F.},
	Booktitle = {Proceedings Title},
	Organization = {IEEE},
	Pages = {803-806},
	Title = {Article Title},
	Volume = {II},
	Year = {2003}}

@article{viola2001rapid,
  	title={Rapid object detection using a boosted cascade of simple features},
  	author={Viola, P. and Jones, M.},
  	year={2001},
  	publisher={Published by the IEEE Computer Society}
}
